<?xml version="1.0" encoding="UTF-8"?><record xmlns="http://www.loc.gov/MARC21/slim" xmlns:cinclude="http://apache.org/cocoon/include/1.0" xmlns:zs="http://www.loc.gov/zing/srw/">
  <leader>01106cz  a2200169n  4500</leader>
  <controlfield tag="001">no 00063967 </controlfield>
  <controlfield tag="003">DLC</controlfield>
  <controlfield tag="005">20030921083731.0</controlfield>
  <controlfield tag="008">000808n| acannaabn          |a aaa     c</controlfield>
  <datafield tag="010" ind1=" " ind2=" ">
    <subfield code="a">no 00063967 </subfield>
  </datafield>
  <datafield tag="035" ind1=" " ind2=" ">
    <subfield code="a">(OCoLC)oca05284217</subfield>
  </datafield>
  <datafield tag="040" ind1=" " ind2=" ">
    <subfield code="a">NBuU</subfield>
    <subfield code="b">eng</subfield>
    <subfield code="c">NBuU</subfield>
    <subfield code="d">FMU</subfield>
  </datafield>
  <datafield tag="100" ind1="1" ind2=" ">
    <subfield code="a">Pierson, Pierre-Louis,</subfield>
    <subfield code="d">1822-1913</subfield>
  </datafield>
  <datafield tag="400" ind1="1" ind2=" ">
    <subfield code="a">Pierson, Louis,</subfield>
    <subfield code="d">1818-1913</subfield>
  </datafield>
  <datafield tag="670" ind1=" " ind2=" ">
    <subfield code="a">La photographie, 1979:</subfield>
    <subfield code="b">t.p. (Louis Pierson)</subfield>
  </datafield>
  <datafield tag="670" ind1=" " ind2=" ">
    <subfield code="a">LC in OCLC, Aug. 7, 2000</subfield>
    <subfield code="b">(hdg.: Pierson, Louis, 1818-1913; usage: Louis Pierson)</subfield>
  </datafield>
  <datafield tag="670" ind1=" " ind2=" ">
    <subfield code="a">J.P. Getty Art Collections website, 9/18/2003</subfield>
    <subfield code="b">(Pierre-Louis Pierson, b. 1822, d. 1913; French photographer specializing in hand-colored daguerreotypes; in 1855 entered into a partnership with Le패opold Ernest and Louis Fre패de패ric Mayer, "Photographers of His Majesty the Emperor"; Pierson and the Mayers began to distribute their images under the joint title "Mayer et Pierson" and became the leading society photographers in Paris; Pierson and Le패opold Mayer opened another studio in Brussels, Belgium; after Mayer's retirement in 1878, Pierson went into business with Gaston Braun)</subfield>
  </datafield>
</record>